<?xml version="1.0" encoding="UTF-8"?><record xmlns="http://www.loc.gov/MARC21/slim" xmlns:cinclude="http://apache.org/cocoon/include/1.0" xmlns:zs="http://www.loc.gov/zing/srw/">
  <leader>00379nz  a2200133n  4500</leader>
  <controlfield tag="001">no2007044965</controlfield>
  <controlfield tag="003">DLC</controlfield>
  <controlfield tag="005">20070425075150.0</controlfield>
  <controlfield tag="008">070423n| acannaabn          |n aaa     c</controlfield>
  <datafield tag="010" ind1=" " ind2=" ">
    <subfield code="a">no2007044965</subfield>
  </datafield>
  <datafield tag="035" ind1=" " ind2=" ">
    <subfield code="a">(OCoLC)oca07390543</subfield>
  </datafield>
  <datafield tag="040" ind1=" " ind2=" ">
    <subfield code="a">ViVb</subfield>
    <subfield code="b">eng</subfield>
    <subfield code="c">ViVb</subfield>
  </datafield>
  <datafield tag="100" ind1="1" ind2=" ">
    <subfield code="a">Kadushin, Ilyana</subfield>
  </datafield>
  <datafield tag="670" ind1=" " ind2=" ">
    <subfield code="a">The memory keeper's daughter, p2006:</subfield>
    <subfield code="b">label (narration performed by Ilyana Kadushin)</subfield>
  </datafield>
</record>